%%%%%%%%%%%%%%%%%%%%%%%%%%%%%%%%%%%%%%%%%%%%%%%%%%%%%%%%%%%%%%%%%%%%%%%%%%%%%
%% Referências em jornais (newspaper)                                      %%
%%%%%%%%%%%%%%%%%%%%%%%%%%%%%%%%%%%%%%%%%%%%%%%%%%%%%%%%%%%%%%%%%%%%%%%%%%%%%

@article{nyt2011may20,
  title         = {{China: Censorship Suit Filed Against Web Company}},
  journal       = {The New York Times},
  author        = {J. David Goodman},
  month         = may,
  volume        = may,
  number        = 20,
  pages         = "A8",
  year          = 2011 }

%%%%%%%%%%%%%%%%%%%%%%%%%%%%%%%%%%%%%%%%%%%%%%%%%%%%%%%%%%%%%%%%%%%%%%%%%%%%%
%% Livros                                                                  %%
%%%%%%%%%%%%%%%%%%%%%%%%%%%%%%%%%%%%%%%%%%%%%%%%%%%%%%%%%%%%%%%%%%%%%%%%%%%%%

@book{anton2003algebra,
  author        = {Howard Anton and Robert C. Busby},
  title         = {Contemporary Linear Algebra},
  publisher     = {John Wiley \& Sons},
  isbn          = {0-471-16362-7},
  year          = 2003 }

@book{haykin2008neural,
  author        = {Simon Haykin},
  title         = {Neural Networks and Learning Machines},
  publisher     = {Prentice Hall},
  edition       = 3,
  isbn          = {978-0-13-147139-9},
  year          = 2008 }

@book{ware2004infovis,
  author        = {Colin Ware},
  title         = {Information Visualization: Perception for Design},
  publisher     = {Morgan Kaufmann},
  edition       = 2,
  isbn          = {978-1-55860-819-1},
  year          = 2004 }

@book{papoulis2002prob,
  author        = {Athanasios Papoulis and S. Unnikrishna Pillai},
  title         = {Probability, Random Variables and Stochastic Process},
  publisher     = {McGraw-Hill},
  edition       = 4,
  isbn          = {0-07-122661-3},
  year          = 2002 }

@book{kohonen2000som,
  author        = {Teuvo Kohonen},
  title         = {Self-Organizing Maps},
  publisher     = {Springer},
  edition       = 3,
  isbn          = {978-3540679219},
  year          = 2000 }

@book{battistatollis1998drawing,
  author        = {Giuseppe Di Battista and Peter Eades and Roberto Tamassia
                  and Ioannis G. Tollis},
  title         = {Graph Drawing: Algorithms for the Visualization of
                  Graphs},
  publisher     = {Prentice Hall},
  year          = 1998 }

@book{cormen2009algorithms,
  title         = {{Introduction to Algorithms}},
  author        = {Thomas H. Cormen and Charles E. Leiserson and Ronald L.
                  Rivest and Clifford Stein},
  publisher     = {The MIT Press},
  edition       = 3,
  year          = 2009 }

@book{brassard1996fundamentals,
  title         = {Fundamentals of Algorithmics},
  author        = {Brassard, G. and Bratley, P.},
  publisher     = {Prentice Hall},
  year          = 1996,
  isbn          = {0-13-335068-1} }

@book{chen2009linear,
  title         = {Linear System Theory and Design},
  author        = {Chi-Tsong Chen},
  publisher     = {Oxford University Press},
  year          = 2009,
  edition       = 3,
  isbn          = {9780195392074} }

@book{bollobas2001random,
  author        = {B\'{e}la Bollob\'{a}s},
  year          = 2001,
  edition       = 2,
  title         = {Random Graphs},
  publisher     = {Cambridge University Press} }

%%%%%%%%%%%%%%%%%%%%%%%%%%%%%%%%%%%%%%%%%%%%%%%%%%%%%%%%%%%%%%%%%%%%%%%%%%%%%
%% Referências em conferências                                             %%
%%%%%%%%%%%%%%%%%%%%%%%%%%%%%%%%%%%%%%%%%%%%%%%%%%%%%%%%%%%%%%%%%%%%%%%%%%%%%

@inproceedings{kalman1960general,
  title         = {On the general theory of control systems},
  author        = {Rudolph Emil Kalman},
  booktitle     = {Proceedings of First IFAC Congress Automatic Control},
  pages         = {481--493},
  year          = 1960 }

@inproceedings{vizirani1980matching,
  title         = {{An $\operatorname{O}(\sqrt{|V|}|E|)$ algorithm for
                  finding maximum matching in general graphs}},
  author        = {Micali, Silvio and Vazirani, Vijay V.},
  booktitle     = {Proceedings of 21st Annual Symposium on Foundations of
                  Computer Science},
  pages         = {17--27},
  year          = 1980 }

@inproceedings{kotelnikov1933capacity,
  title         = {On the transmission capacity of the `ether' and of cables
                  in electrical communications},
  author        = {Vladimir A. Kotelnikov},
  booktitle     = {Proceedings of the first All-Union Conference on the
                  technological reconstruction of the communications sector
                  and the development of low-current engineering},
  address       = {Moscow, Russian},
  year          = 1933 }

@inproceedings{hartmeier2002pf,
  author        = {Daniel Hartmeier},
  title         = {Design and Performance of the {OpenBSD} Stateful Packet
                  Filter (pf)},
  booktitle     = {Proceedings of the FREENIX Track: USENIX Annual Technical
                  Conference},
  pages         = {171--180},
  year          = 2002 }

%%%%%%%%%%%%%%%%%%%%%%%%%%%%%%%%%%%%%%%%%%%%%%%%%%%%%%%%%%%%%%%%%%%%%%%%%%%%%
%% Referências em revistas (journals)                                      %%
%%%%%%%%%%%%%%%%%%%%%%%%%%%%%%%%%%%%%%%%%%%%%%%%%%%%%%%%%%%%%%%%%%%%%%%%%%%%%

@article{shannon1949communication,
  author        = {Claude Elwood Shannon},
  title         = {Communication in the presence of noise},
  journal       = {Proc. Institute of Radio Engineers},
  volume        = 37,
  number        = 1,
  pages         = {10--21},
  year          = 1949 }

@article{whittaker1915interpolation,
  title         = {On the Functions Which are Represented by the Expansions
                  of the Interpolation Theory},
  author        = {Edmund Taylor Whittaker},
  journal       = {Proc. Royal Soc. Edinburgh},
  volume        = 35,
  number        = {A},
  pages         = {481--493},
  year          = 1915 }

@article{chandy1985snapshots,
  author        = {K. Mani Chandy and Leslie Lamport},
  title         = {Distributed snapshots: determining global states of
                  distributed systems},
  journal       = {ACM Transactions on Computer Systems (TOCS)},
  volume        = 3,
  number        = 1,
  doi           = {10.1145/214451.214456},
  pages         = {63--75},
  year          = 1985 }

@article{kruskal1956st,
  author        = {Joseph B. Kruskal},
  title         = {On the Shortest Spanning Subtree of a Graph and the
                  Traveling Salesman Problem},
  journal       = {Proceedings of the American Mathematical Society},
  volume        = 7,
  number        = 1,
  pages         = {48--50},
  year          = 1956 }

@article{edmonds1965paths,
  author        = {Edmonds, Jack},
  title         = {Paths, Trees and Flowers},
  journal       = {Canadian Journal of Mathematics},
  pages         = {449--467},
  volume        = 17,
  year          = 1965 }

@article{hopcroft1973matching,
  author        = {Hopcroft, John E. and Karp, Richard M.},
  title         = {{An $n^{5/2}$ algorithm for maximum matchings in bipartite
                  graphs}},
  journal       = {{SIAM} Journal on Computing},
  pages         = {225--231},
  volume        = 2,
  number        = 4,
  year          = 1973,
  publisher     = {SIAM} }

@article{bellman1958routing,
  author        = {Richard Bellman},
  year          = 1958,
  title         = {On a Routing Problem},
  journal       = {Quarterly of Applied Mathematics},
  volume        = 16,
  pages         = {87--90} }

@article{dijkstra1959connexion,
  author        = {Edsger Wybe Dijkstra},
  title         = {A note on two problems in connexion with graphs},
  journal       = {Numerische Mathematik},
  volume        = 1,
  number        = 1,
  pages         = {269--271},
  year          = 1959 }

@article{nyquist1928telegraph,
  author        = {Harry Theodor Nyquist},
  title         = {Certain topics in telegraph transmission theory},
  journal       = {Trans. American Institute of Electrical Engineers},
  volume        = 47,
  number        = 2,
  pages         = {617--644},
  year          = 1928 }

@article{kalman1960filtering,
  author        = {Rudolph Emil Kalman},
  title         = {A New Approach to Linear Filtering and Prediction
                  Problems},
  journal       = {Transactions of the ASME--Journal of Basic Engineering},
  volume        = 82,
  number        = {Series D},
  pages         = {35--45},
  year          = 1960 }

@article{willinger2009math,
  title         = {{Mathematics and the Internet: A Source of Enormous
                  Confusion and Great Potential}},
  author        = {Walter Willinger and David Alderson and John C. Doyle},
  journal       = {Notices of the {AMS}} ,
  volume        = 56,
  number        = 5,
  month         = may,
  pages         = {586--599},
  year          = 2009 }

@article{kalman1963mathematical,
  title         = {{Mathematical Description of Linear Dynamical Systems}},
  author        = {Rudolph Emil Kalman},
  journal       = {SIAM Journal on Control and Optimization},
  volume        = 1,
  number        = 2,
  pages         = {152--192},
  year          = 1963,
  publisher     = {SIAM} }

@article{barabasi1999scaling,
  title         = {{Emergence of Scaling in Random Networks}},
  author        = {Barab{\'a}si, A.L. and Albert, R.},
  journal       = {Science},
  volume        = 286,
  number        = 5439,
  pages         = {509--512},
  year          = 1999,
  publisher     = {American Association for the Advancement of Science} }

@article{barabasi2005taming,
  title         = {{Taming Complexity}},
  author        = {Barab{\'a}si, A.L.},
  journal       = {Nature Physics},
  volume        = 1,
  number        = 2,
  pages         = {68--70},
  year          = 2005,
  publisher     = {Nature Publishing Group} }

@article{erdos1959random,
  title         = {{On Random Graphs I}},
  author        = {Erd\"{o}s, P. and Rényi, A.},
  journal       = {Publ. Math. Debrecen},
  volume        = 6,
  pages         = {290--297},
  year          = 1959 }

@article{clauset2009power,
  title         = {{Power-Law Distributions in Empirical Data}},
  author        = {Aaron Clauset and Cosma Rohilla Shalizi and Newman,
                  M.E.J.},
  journal       = {SIAM Review},
  volume        = 51,
  number        = 4,
  pages         = {661--703},
  year          = 2009 }

@article{watts1998smallworld,
  title         = {{Collective dynamics of `small-world' networks}},
  author        = {Watts, D.J. and Strogatz, S.H.},
  journal       = {Nature},
  volume        = 393,
  number        = 6684,
  pages         = {440--442},
  year          = 1998,
  publisher     = {Nature Publishing Group} }
  
%%%%%%%%%%%%%%%%%%%%%%%%%%%%%%%%%%%%%%%%%%%%%%%%%%%%%%%%%%%%%%%%%%%%%%%%%%%%%
%% Referências diversas (relatórios, etc.)                                 %%
%%%%%%%%%%%%%%%%%%%%%%%%%%%%%%%%%%%%%%%%%%%%%%%%%%%%%%%%%%%%%%%%%%%%%%%%%%%%%

@misc{markov1913chains,
  author        = {Andrey Markov},
  title         = {{An Example of Statistical Investigation of the Text
                  Eugene Onegin Concerning the Connection of Samples in
                  Chains}},
  note          = {Lecture at the Physical-mathematical Faculty, Royal
                  Academy of Sciences, St. Petersburg, 23 January 1913},
  year          = 1913 }

%%%%%%%%%%%%%%%%%%%%%%%%%%%%%%%%%%%%%%%%%%%%%%%%%%%%%%%%%%%%%%%%%%%%%%%%%%%%%
%% Referências acerca de RFCs                                              %%
%%%%%%%%%%%%%%%%%%%%%%%%%%%%%%%%%%%%%%%%%%%%%%%%%%%%%%%%%%%%%%%%%%%%%%%%%%%%%

@misc{rfc4987,
  author        = {Wesley M. Eddy},
  title         = {{TCP SYN Flooding Attacks and Common Mitigations}},
  series        = {Request for Comments},
  number        = {4987},
  howpublished  = {Internet Engineering Task Force (IETF) RFC 4987
                  (Informational)},
  year          = 2007,
  month         = aug,
  url           = {http://www.ietf.org/rfc/rfc4987.txt} }

@misc{rfc2766,
  author        = {G. Tsirtsis and P. Srisuresh},
  title         = {{Network Address Translation -- Protocol Translation
                  (NAT-PT)}},
  series        = {Request for Comments},
  number        = {2766},
  howpublished  = {Internet Engineering Task Force (IETF) RFC 2766
                  (Historic)},
  year          = 2000 }
  month         = feb,
  note          = {Updated by RFC 3152},
  url           = {http://www.ietf.org/rfc/rfc2766.txt} }

@misc{rfc2663,
  author        = {P. Srisuresh and M. Holdrege},
  title         = {{IP Network Address Translator (NAT) Terminology and
                  Considerations}},
  series        = {Request for Comments},
  number        = {2663},
  howpublished  = {{Internet Engineering Task Force (IETF) RFC 2663
                  (Informational)}},
  year          = 1999,
  month         = aug,
  url           = {http://www.ietf.org/rfc/rfc2663.txt} }

@misc{rfc2460,
  author        = {S. Deering and R. Hinden},
  title         = {{Internet Protocol, Version 6 (IPv6) Specification}},
  series        = {Request for Comments},
  number        = {2460},
  howpublished  = {Internet Engineering Task Force (IETF) RFC 2460 (Draft
                  Standard)},
  year          = 1998,
  month         = dec,
  note          = {Obsoletes RFC 1883. Updated by RFCs 5095, 5722, 5871},
  url           = {http://www.ietf.org/rfc/rfc2460.txt} }

@misc{rfc768,
  author        = {J. Postel},
  title         = {{User Datagram Protocol}},
  series        = {Request for Comments},
  number        = {768},
  howpublished  = {Internet Engineering Task Force (IETF) RFC 768
                  (Standard)},
  year          = 1980,
  month         = aug,
  url           = {http://www.ietf.org/rfc/rfc768.txt} }

@misc{rfc791,
  author        = {J. Postel},
  title         = {{Internet Protocol}},
  series        = {Request for Comments},
  number        = {791},
  howpublished  = {Internet Engineering Task Force (IETF) RFC 791
                  (Standard)},
  year          = 1981,
  month         = sep,
  note          = {Obsoletes RFC 760. Updated by RFC 1349},
  url           = {http://www.ietf.org/rfc/rfc791.txt} }

@misc{rfc792,
  author        = {J. Postel},
  title         = {{Internet Control Message Protocol}},
  series        = {Request for Comments},
  number        = {792},
  howpublished  = {Internet Engineering Task Force (IETF) RFC 792
                  (Standard)},
  year          = 1981,
  month         = sep,
  note          = {Obsoletes RFC 760, 777. Updated by RFC 950, 4884, 6633},
  url           = {http://www.ietf.org/rfc/rfc792.txt} }

@misc{rfc793,
  author        = {J. Postel},
  title         = {{Transmission Control Protocol}},
  series        = {Request for Comments},
  number        = {793},
  howpublished  = {Internet Engineering Task Force (IETF) RFC 793
                  (Standard)},
  year          = 1981,
  month         = sep,
  note          = {Obsoletes RFC 761. Updated by RFC 1122, 3168, 6093, 6528},
  url           = {http://www.ietf.org/rfc/rfc793.txt} }

@misc{rfc3022,
  author        = {P. Srisuresh and K. Egevang},
  title         = {{Traditional IP Network Address Translator (Traditional
                  NAT)}},
  series        = {Request for Comments},
  number        = {3022},
  howpublished  = {RFC 3022 (Informational)},
  publisher     = {IETF},
  organization  = {Internet Engineering Task Force},
  year          = 2001,
  month         = jan,
  note          = {Obsoletes RFC 1631.},
  url           = {http://www.ietf.org/rfc/rfc3022.txt} }

@misc{rfc1631,
  author        = {K. Egevang and P. Francis},
  title         = {{The IP Network Address Translator (NAT)}},
  series        = {Request for Comments},
  number        = {1631},
  howpublished  = {RFC 1631 (Informational)},
  publisher     = {IETF},
  organization  = {Internet Engineering Task Force},
  year          = 1994,
  month         = may,
  note          = {Obsoleted by RFC 3022.},
  url           = {http://www.ietf.org/rfc/rfc1631.txt} }

@misc{rfc4271,
  author        = {Y. Rekhter and T. Li and S. Hares},
  title         = {{A Border Gateway Protocol 4 (BGP-4)}},
  series        = {Request for Comments},
  number        = {4271},
  howpublished  = {RFC 4271 (Standards Track)},
  publisher     = {IETF},
  organization  = {Internet Engineering Task Force},
  year          = 2006,
  month         = jan,
  note          = {Obsoletes RFC 1771.},
  url           = {http://www.ietf.org/rfc/rfc4271.txt} }

%%%%%%%%%%%%%%%%%%%%%%%%%%%%%%%%%%%%%%%%%%%%%%%%%%%%%%%%%%%%%%%%%%%%%%%%%%%%%
%%%%%%%%%%%%%%%%%%%%%%%%%%%%%%%%%%%%%%%%%%%%%%%%%%%%%%%%%%%%%%%%%%%%%%%%%%%%%
